@misc{javascript,
	title        = "{Wikipedia: JavaScript}",
	howpublished = "\\\url{https://en.wikipedia.org/wiki/JavaScript}"
}

@misc{npm-about,
	title        = "{npm Docs: About npm}",
	howpublished = "\\\url{https://docs.npmjs.com/about-npm}"
}

@misc{npm-packages,
	title        = "{SurviveJS: Anatomy of a Package}",
	howpublished = "\\\url{https://survivejs.com/maintenance/packaging/anatomy}",
}

@misc{npm-package.json,
	title        = "{npm Docs: package.json}",
	howpublished = "\\\url{https://docs.npmjs.com/cli/v7/configuring-npm/package-json}",
}

@misc{npm-naming,
	title        = "{npm Docs: Package name guidelines}",
	howpublished = "\\\url{https://docs.npmjs.com/package-name-guidelines}",
}

@misc{npm-scope,
	title        = "{npm Docs: scope}",
	howpublished = "\\\url{https://docs.npmjs.com/cli/v7/using-npm/scope}",
}

@misc{npm-versioning,
	title        = "{npm Docs: About semantic versioning}",
	howpublished = "\\\url{https://docs.npmjs.com/about-semantic-versioning}",
}

@misc{npm-versioning-semver,
	title        = "{npm semver calculator}",
	howpublished = "\\\url{https://semver.npmjs.com/}",
}

@misc{npm-registry-api,
	title        = "{Public Registry API}",
	howpublished = "\\\url{https://github.com/npm/registry/blob/master/docs/REGISTRY-API.md}",
}

@misc{npm-registry,
	title        = "{npmDocs: registry}",
	howpublished = "\\\url{https://docs.npmjs.com/cli/v7/using-npm/registry}",
}

@misc{npm-registry-item,
	title        = "{npm/registry: Package Metadata}",
	howpublished = "\\\url{https://github.com/npm/registry/blob/master/docs/responses/package-metadata.md}",
}

@misc{npm-cli,
	title        = "{npmDocs: CLI commands}",
	howpublished = "\\\url{https://docs.npmjs.com/cli/v7/commands}",
}

@misc{dep-cruise,
	title        = "{Dependency cruiser}",
	howpublished = "\\\url{https://www.npmjs.com/package/dependency-cruiser}",
}

@misc{anvaka-galaxies,
	title        = "{Andrei Kashcha ("anvaka"): Software Galaxies}",
	howpublished = "\\\url{https://github.com/anvaka/pm}",
}

@misc{anvaka-npmgraph,
	title        = "{Andrei Kashcha ("anvaka"): npmgraph.an}",
	howpublished = "\\\url{https://github.com/anvaka/npmgraph.an}",
}